@MISC{Heisenbergs,
      title  = "Heisenbergâ€™s uncertainty principle",
      author = "Anton Paar",
      url    = "https://wiki.anton-paar.com/en/heisenbergs-uncertainty-principle",
      
    } 
 
 
@MISC{Musicians,
      title  = "Heisenberg's uncertainty principle and the musician's uncertainty principle",
      author = "Joe Wolfe",
      url    = "https://newt.phys.unsw.edu.au/jw/uncertainty.html",
      
    } 
@MISC{mmoore,
      title  = "Lecture 23:
Heisenberg Uncertainty Principle",
      author = "Alessandro Bertolini",
      url    = "https://web.pa.msu.edu/people/mmoore/Lect23_HeisUncPrinc.pdf",
      year   = "2009"
    }
    
@MISC{Chu,
      title  = "Quantum fluctuations can jiggle objects on the human scale",
      author = " Jennifer Chu",
      url    = "https://www.ligo.caltech.edu/news/ligo20200701",
      year   = "2020"
    }
    
@phdthesis{phdthesis_eric,
author = {Oelker, Eric},
year = {2016},
month = {01},
pages = {},
title = {Squeezed states for advanced gravitational wave detectors}
}

@INPROCEEDINGS{6988398,
  author={L. {Barsotti}},
  booktitle={2014 Conference on Lasers and Electro-Optics (CLEO) - Laser Science to Photonic Applications}, 
  title={Quantum noise reduction in the LIGO gravitational wave interferometer with squeezed states of light}, 
  year={2014},
  volume={},
  number={},
  pages={1-3},
  doi={10.1364/CLEO_AT.2014.AW3P.4}}